% Bibliografía

% Este fichero contiene la bibliografía de la memoria
% Está en un formato que se conoce como BibTex.
% Hay muchos sitios web que exportan referencias en formato BibTeX. 
% Prueba a buscar en http://scholar.google.com por referencias
% y verás que lo puedes hacer de manera sencilla.
% Más información: 
% http://texblog.org/2014/04/22/using-google-scholar-to-download-bibtex-citations/

% Existen varias posibilidades para referenciar diferentes tipos de documentos,
% ya que los datos necesarios varían. Así, existen formatos de entrada para
%     * libros (book)
%     * artículos en revistas de investigación (article)
%     * capítulos de libro (incollection)
%     * informes técnicos (techreport)
%     * otros (misc)
%
% Las páginas web deberían ir como misc.

% Una última cosa: no referencias nunca la WikiPedia
% La WikiPedia, como buena enciclopedia, no es fuente primaria.
% Si acaso, busca por citas en la WikiPedia (que sí ha de referenciar fuentes
% primarias) y haz referencia a las mismas.

@Misc{Bennett01:django-registration,
  author =	 {James Bennett},
  title =	 {Django-registration},
  note =	 {\\ https://django-registration.readthedocs.io/en/3.1/}
}

@Misc{Oriol01:gestion_usuarios,
  author =	 {Enrique Oriol},
  title =	 {Gestión de usuarios con django-registration},
  month =	 jun,
  year =	 2014,
  note =	 {\\ http://blog.enriqueoriol.com/2014/06/gestion-de-usuarios-con-django.html}
}

@Misc{Oriol02:upload,
  author =	 {Enrique Oriol},
  title =	 {Upload de imágenes con Django},
  month =	 jul,
  year =	 2014,
  note =	 {\\ http://blog.enriqueoriol.com/2014/07/upload-de-imagenes-con-django.html}
}

@Misc{fontawesome,
  title =  {P{\'{a}}gina  {F}ontawesome},
  note =   {\\ https://fontawesome.com/v4.7.0/}
}

@Misc{scratchjr,
  title =	 {P{\'{a}}gina {S}cratch{J}r},
  note =	 {\\ https://www.scratchjr.org/}
}

@Misc{python,
  title =	 {P{\'{a}}gina {P}ython},
  note =	 {\\ https://www.python.org/doc/}
}

@Misc{django,
  title =	 {P{\'{a}}gina {D}jango},
  note =	 {\\ https://docs.djangoproject.com/en/3.1/}
}

@Misc{visualstudio,
  title =	 {P{\'{a}}gina {V}isual {S}tudio {C}ode},
  note =	 {\\ https://code.visualstudio.com/}
}

@Misc{pandas,
  title =	 {P{\'{a}}gina {P}andas},
  note =	 {\\ https://pandas.pydata.org/pandas-docs/stable/getting\_started/overview.html}
}

@Misc{html,
  title =	 {P{\'{a}}gina {HTML}},
  note =	 {\\ https://www.w3schools.com/html/}
}

@Misc{css,
  title =	 {P{\'{a}}gina {CSS}},
  note =	 {\\ https://www.w3schools.com/css/}
}

@Misc{bootstrap,
  title =	 {P{\'{a}}gina {B}ootstrap},
  note =	 {\\ https://getbootstrap.com/docs/}
}
